%% This BibTeX bibliography file was created using BibDesk.
%% http://bibdesk.sourceforge.net/


%% Created for Maxime Rischard Old at 2017-04-29 16:48:24 -0400 


%% Saved with string encoding Unicode (UTF-8) 



@article{baker1975effect,
	Author = {Baker, Donald G},
	Date-Added = {2017-04-29 20:41:37 +0000},
	Date-Modified = {2017-04-29 20:41:37 +0000},
	Journal = {Journal of Applied Meteorology},
	Number = {4},
	Pages = {471--476},
	Title = {Effect of observation time on mean temperature estimation},
	Volume = {14},
	Year = {1975}}

@article{menne2012overview,
	Author = {Menne, Matthew J and Durre, Imke and Vose, Russell S and Gleason, Byron E and Houston, Tamara G},
	Journal = {Journal of Atmospheric and Oceanic Technology},
	Number = {7},
	Pages = {897--910},
	Title = {{An overview of the Global Historical Climatology Network-Daily database}},
	Volume = {29},
	Year = {2012}}

@article{menne2009us,
	Author = {Menne, Matthew J and Williams Jr, Claude N and Vose, Russell S},
	Journal = {Bulletin of the American Meteorological Society},
	Number = {7},
	Pages = {993--1007},
	Title = {{The US Historical Climatology Network monthly temperature data, version 2}},
	Volume = {90},
	Year = {2009}}

@article{peterson1998homogeneity,
	Author = {Peterson, Thomas C and Easterling, David R and Karl, Thomas R and Groisman, Pavel and Nicholls, Neville and Plummer, Neil and Torok, Simon and Auer, Ingeborg and Boehm, Reinhard and Gullett, Donald and others},
	Journal = {International Journal of Climatology},
	Number = {13},
	Pages = {1493--1517},
	Publisher = {Wiley Online Library},
	Title = {Homogeneity adjustments of in situ atmospheric climate data: a review},
	Volume = {18},
	Year = {1998}}

@article{ducre2003comparison,
	Author = {Ducr{\'e}-Robitaille, Jean-Fran{\c{c}}ois and Vincent, Lucie A and Boulet, Gilles},
	Journal = {International Journal of Climatology},
	Number = {9},
	Pages = {1087--1101},
	Publisher = {Wiley Online Library},
	Title = {Comparison of techniques for detection of discontinuities in temperature series},
	Volume = {23},
	Year = {2003}}

@article{menne2009homogenization,
	Author = {Menne, Matthew J and Williams Jr, Claude N},
	Journal = {Journal of Climate},
	Number = {7},
	Pages = {1700--1717},
	Title = {Homogenization of temperature series via pairwise comparisons},
	Volume = {22},
	Year = {2009}}

@article{karl1986model,
	Author = {Karl, Thomas R and Williams Jr, Claude N and Young, Pamela J and Wendland, Wayne M},
	Journal = {Journal of Climate and Applied Meteorology},
	Number = {2},
	Pages = {145--160},
	Title = {{A model to estimate the time of observation bias associated with monthly mean maximum, minimum and mean temperatures for the United States}},
	Volume = {25},
	Year = {1986}}

@article{easterling1996development,
	Author = {Easterling, David R and Peterson, Thomas C and Karl, Thomas R},
	Journal = {Journal of climate},
	Number = {6},
	Pages = {1429--1434},
	Title = {On the development and use of homogenized climate datasets},
	Volume = {9},
	Year = {1996}}

@article{trewin2013daily,
	Author = {Trewin, Blair},
	Journal = {International Journal of Climatology},
	Number = {6},
	Pages = {1510--1529},
	Publisher = {Wiley Online Library},
	Title = {{A daily homogenized temperature data set for Australia}},
	Volume = {33},
	Year = {2013}}

@article{della2006method,
	Author = {Della-Marta, PM and Wanner, Heinz},
	Journal = {Journal of Climate},
	Number = {17},
	Pages = {4179--4197},
	Title = {A method of homogenizing the extremes and mean of daily temperature measurements},
	Volume = {19},
	Year = {2006}}

@article{vincent2012second,
	Author = {Vincent, Lucie A and Wang, Xiaolan L and Milewska, Ewa J and Wan, Hui and Yang, Feng and Swail, Val},
	Journal = {Journal of Geophysical Research: Atmospheres},
	Number = {D18},
	Publisher = {Wiley Online Library},
	Title = {{A second generation of homogenized Canadian monthly surface air temperature for climate trend analysis}},
	Volume = {117},
	Year = {2012}}
